@misc{multidagestan17,
  title = {Atlas of {M}ultilingualism in {D}aghestan {O}nline},
  author = {Nina Dobrushina and Daria Staferova and Alexander Belokon},
  year = {2017},
  howpublished = {\url{https://multidagestan.com/about}},
  note = {Accessed: 2019-04-14}
}

@article{dobrushina2013,
  title={How to study multilingualism of the past: Investigating traditional contact situations in Daghestan},
  author={Dobrushina, Nina},
  journal={Journal of sociolinguistics},
  volume={17},
  number={3},
  pages={376--393},
  year={2013},
  publisher={Wiley Online Library}
}
